
@article{vink2022,
	title = {Strategies for simulating missingness},
	author = {Vink, Gerko},
	year = {2022},
	month = {12},
	date = {2022-12-21},
	journal = {Zenodo},
	doi = {10.5281/ZENODO.7467995},
	url = {https://zenodo.org/record/7467995},
	langid = {en}
}

@book{james2021,
	title = {An Introduction to Statistical Learning},
	author = {James, Gareth and Witten, Daniela and Hastie, Trevor and Tibshirani, Robert},
	year = {2021},
	date = {2021},
	publisher = {Springer US},
	doi = {10.1007/978-1-0716-1418-1},
	url = {http://dx.doi.org/10.1007/978-1-0716-1418-1}
}
